@article{Schwaller2019MolecularPrediction,
    title = {{Molecular Transformer - A Model for Uncertainty-Calibrated Chemical Reaction Prediction}},
    year = {2019},
    journal = {ACS Central Science},
    author = {Schwaller, Philippe and Laino, Teodoro and Gaudin, Théophile and Bolgar, Peter and Bekas, Costas and Lee, Alpha A.},
    number = {9},
    month = {11},
    pages = {1572--1583},
    volume = {5},
    url = {http://arxiv.org/abs/1811.02633 http://dx.doi.org/10.1021/acscentsci.9b00576},
    doi = {10.1021/acscentsci.9b00576},
    issn = {2374-7943},
    arxivId = {1811.02633}
}

@article{Alvarez-Melis2018OnMethods,
    title = {{On the Robustness of Interpretability Methods}},
    year = {2018},
    author = {Alvarez-Melis, David and Jaakkola, Tommi S.},
    month = {6},
    url = {http://arxiv.org/abs/1806.08049},
    arxivId = {1806.08049}
}

@misc{Kovacs2020MolecularExplainer,
    title = {{Molecular Transformer Explainer}},
    author = {Kovacs, David P and McCorkindale, William and Lee, Alpha A.},
    howpublished = {\url{https://github.com/davkovacs/MTExplainer.git}}
}

@article{Bender2018,
author = {Cortés-Ciriano, Isidro and Firth, Nicholas C. and Bender, Andreas and Watson, Oliver},
title = {Discovering Highly Potent Molecules from an Initial Set of Inactives Using Iterative Screening},
journal = {Journal of Chemical Information and Modeling},
volume = {58},
number = {9},
pages = {2000-2014},
year = {2018},
doi = {10.1021/acs.jcim.8b00376},
    note ={PMID: 30130102},
URL = { https://doi.org/10.1021/acs.jcim.8b00376},
eprint = {https://doi.org/10.1021/acs.jcim.8b00376}
}

@misc{huo2017unified,
    title={Unified Representation of Molecules and Crystals for Machine Learning},
    author={Haoyan Huo and Matthias Rupp},
    year={2017},
    eprint={1704.06439},
    archivePrefix={arXiv},
    primaryClass={physics.chem-ph}
}

@article{Faber2018,
author = {Faber,Felix A.  and Christensen,Anders S.  and Huang,Bing  and von Lilienfeld,O. Anatole },
title = {Alchemical and structural distribution based representation for universal quantum machine learning},
journal = {The Journal of Chemical Physics},
volume = {148},
number = {24},
pages = {241717},
year = {2018},
doi = {10.1063/1.5020710},

URL = { https://doi.org/10.1063/1.5020710},
eprint = {https://doi.org/10.1063/1.5020710}
}

@article{Behler2011,
author = {Behler,Jörg },
title = {Atom-centered symmetry functions for constructing high-dimensional neural network potentials},
journal = {The Journal of Chemical Physics},
volume = {134},
number = {7},
pages = {074106},
year = {2011},
doi = {10.1063/1.3553717},
URL = {https://doi.org/10.1063/1.3553717},
eprint = {https://doi.org/10.1063/1.3553717}
}

@article{Bender2019,
author = {Cortés-Ciriano, Isidro and Bender, Andreas},
title = {Reliable Prediction Errors for Deep Neural Networks Using Test-Time Dropout},
journal = {Journal of Chemical Information and Modeling},
volume = {59},
number = {7},
pages = {3330-3339},
year = {2019},
doi = {10.1021/acs.jcim.9b00297},
note ={PMID: 31241929},
URL = {https://doi.org/10.1021/acs.jcim.9b00297},
eprint = {https://doi.org/10.1021/acs.jcim.9b00297}

}


@article{Cherkasov2014QSAR,
author = {Cherkasov, Artem and Muratov, Eugene N. and Fourches, Denis and Varnek, Alexandre and Baskin, Igor I. and Cronin, Mark and Dearden, John and Gramatica, Paola and Martin, Yvonne C. and Todeschini, Roberto and Consonni, Viviana and Kuz’min, Victor E. and Cramer, Richard and Benigni, Romualdo and Yang, Chihae and Rathman, James and Terfloth, Lothar and Gasteiger, Johann and Richard, Ann and Tropsha, Alexander},
title = {QSAR Modeling: Where Have You Been? Where Are You Going To?},
journal = {Journal of Medicinal Chemistry},
volume = {57},
number = {12},
pages = {4977-5010},
year = {2014},
doi = {10.1021/jm4004285},
note ={PMID: 24351051},
URL = {https://doi.org/10.1021/jm4004285},
eprint = {https://doi.org/10.1021/jm4004285}
}
@misc{McCorkindale2020SOAPGP,
    title = {{SOAPGP}},
    author = {McCorkindale, William},
    howpublished = {\url{https://github.com/wjm41/soapgp.git}}
}

@article{Husinec2011AnnulationsDerivatives,
    title = {{Annulations of isoquinoline and {$\beta$}-carboline ring systems: Synthesis of 8-oxoprotoberberine derivatives}},
    year = {2011},
    journal = {Tetrahedron Letters},
    author = {Husinec, Suren and Savic, Vladimir and Simic, Milena and Tesevic, Vele and Vidovic, Dragoslav},
    pages = {2733--2736},
    volume = {52},
    doi = {10.1016/j.tetlet.2011.03.085}
}

@article{Tiamas2018AsymmetricChalcones,
    title = {{Asymmetric Total Synthesis and Biological Evaluation of Proapoptotic Natural Myrcene-Derived Cyclohexenyl Chalcones}},
    year = {2018},
    journal = {European Journal of Organic Chemistry},
    author = {Tiamas, Shelly Gapil and Audet, Florian and Samra, Alma Abou and Bignon, Jérome and Litaudon, Marc and Fourneau, Christophe and Ariffin, Azhar and Awang, Khalijah and Desrat, Sandy and Roussi, Fanny},
    number = {42},
    pages = {5830--5835},
    volume = {2018},
    doi = {10.1002/ejoc.201800262},
    issn = {10990690},
    keywords = {Asymmetric synthesis, Biological activity, Chiral auxiliaries, Cycloaddition, Natural products, Total synthesis}
}

@article{Sagi2018ensemble,
author = {Sagi, Omer and Rokach, Lior},
title = {Ensemble learning: A survey},
journal = {WIREs Data Mining and Knowledge Discovery     },
volume = {8},
number = {4},
pages = {e1249},
keywords = {boosting, classifier combination, ensemble models, machine-learning, mixtures of experts, multiple classifier system, random forest},
doi = {10.1002/widm.1249},
url = {https://onlinelibrary.wiley.com/doi/abs/10.1002/widm.1249},
eprint = {https://onlinelibrary.wiley.com/doi/pdf/10.1002/widm.1249},
abstract = {Ensemble methods are considered the state-of-the art solution for many machine learning challenges. Such methods improve the predictive performance of a single model by training multiple models and combining their predictions. This paper introduce the concept of ensemble learning, reviews traditional, novel and state-of-the-art ensemble methods and discusses current challenges and trends in the field. This article is categorized under: Algorithmic Development > Ensemble Methods Technologies > Machine Learning Technologies > Classification},
year = {2018}
}

@article{shahriari2016bo, 
author={B. Shahriari and K. Swersky and Z. Wang and R. P. Adams and N. de Freitas}, 
journal={Proceedings of the IEEE}, 
title={Taking the Human Out of the Loop: A Review of Bayesian Optimization}, 
year={2016}, 
volume={104}, 
number={1}, 
pages={148-175}, 
doi={10.1109/PROC.2015.2494218}, 
ISSN={0018-9219}, 
month={Jan}
}

@misc{Friedel1877SurEtc.,
    title = {{Sur une nouvelle m{\'{e}}thode g{\'{e}}n{\'{e}}rale de synth{\`{e}}se d’hydrocarbures, d’ac{\'{e}}tones, etc.}},
    year = {1877},
    author = {Friedel, Charles and Crafts, James},
    publisher = {French Patent}
}

@article{Irwin2005ZINCScreening,
    title = {{ZINC - A free database of commercially available compounds for virtual screening}},
    year = {2005},
    journal = {Journal of Chemical Information and Modeling},
    author = {Irwin, John J. and Shoichet, Brian K.},
    number = {1},
    pages = {177--182},
    volume = {45},
    doi = {10.1021/ci049714+},
    issn = {15499596},
    pmid = {15667143}
}

@article{Sundararajan2017AxiomaticNetworks,
    title = {{Axiomatic attribution for deep networks}},
    year = {2017},
    journal = {34th International Conference on Machine Learning, ICML 2017},
    author = {Sundararajan, Mukund and Taly, Ankur and Yan, Qiqi},
    pages = {5109--5118},
    volume = {7},
    isbn = {9781510855144},
    arxivId = {1703.01365}
}

@article{Koch2015SiamneseNN,
    title = {Siamese Neural Networks for One-shot Image Recognition},
    year = {2015},
    journal = {32nd International Conference on Machine Learning, ICML 2015},
    author = {Koch, Gregory and Zemel, Richard and Salakhutdinov, Ruslan},
    volume = {37},
}

@misc{Mayfield2018Pistachio2.0,
    title = {{Pistachio 2.0}},
    year = {2018},
    author = {Mayfield, J. and Lowe, D. and Sayle, R.}
}

@article{Bombarelli2018VAE,
author = {Gómez-Bombarelli, Rafael and Wei, Jennifer N. and Duvenaud, David and Hernández-Lobato, José Miguel and Sánchez-Lengeling, Benjamín and Sheberla, Dennis and Aguilera-Iparraguirre, Jorge and Hirzel, Timothy D. and Adams, Ryan P. and Aspuru-Guzik, Alán},
title = {Automatic Chemical Design Using a Data-Driven Continuous Representation of Molecules},
journal = {ACS Central Science},
volume = {4},
number = {2},
pages = {268-276},
year = {2018},
doi = {10.1021/acscentsci.7b00572},
    note ={PMID: 29532027},
URL = {https://doi.org/10.1021/acscentsci.7b00572},
eprint = {https://doi.org/10.1021/acscentsci.7b00572}
}

@article{Pous2020scaffold,
author = {Pous, Ar{\'{u}}s and Pous, Josep Ar{\'{u}}s and Patronov, Atanas and Bjerrum, Esben Jannik and Tyrchan, Christian and Reymond, Jean Louis and Chen, Hongming and Engkvist, Ola},
doi = {10.1186/s13321-020-00441-8},
file = {:Users/williammccorkindale/Downloads/document.pdf:pdf},
issn = {1758-2946},
journal = {Journal of Cheminformatics},
pages = {1--18},
publisher = {Springer International Publishing},
title = {{SMILES ‑ based deep generative scaffold decorator for de‑novo drug design}},
url = {https://doi.org/10.1186/s13321-020-00441-8},
year = {2020}
}

@misc{born2019paccmannrl,
    title={PaccMann$^{RL}$: Designing anticancer drugs from transcriptomic data via reinforcement learning},
    author={Jannis Born and Matteo Manica and Ali Oskooei and Joris Cadow and Karsten Borgwardt and María Rodríguez Martínez},
    year={2019},
    eprint={1909.05114},
    archivePrefix={arXiv},
    primaryClass={q-bio.BM}
}

@article{McCloskey2019UsingChemistry,
    title = {{Using attribution to decode binding mechanism in neural network models for chemistry}},
    year = {2019},
    journal = {Proceedings of the National Academy of Sciences of the United States of America},
    author = {McCloskey, Kevin and Taly, Ankur and Monti, Federico and Brenner, Michael P. and Colwell, Lucy J.},
    number = {24},
    pages = {11624--11629},
    volume = {116},
    isbn = {1820657116},
    doi = {10.1073/pnas.1820657116},
    issn = {10916490},
    pmid = {31127041},
    keywords = {Attribution for molecules, Deep learning, Virtual screening}
}

@article{Segler2018PlanningAIb,
    title = {{Planning chemical syntheses with deep neural networks and symbolic AI}},
    year = {2018},
    journal = {Nature},
    author = {Segler, Marwin H.S. and Preuss, Mike and Waller, Mark P.},
    number = {7698},
    pages = {604--610},
    volume = {555},
    publisher = {Nature Publishing Group},
    doi = {10.1038/nature25978},
    issn = {14764687},
    pmid = {29595767}
}

@article{Coley2019AutonomousProgress,
    title = {{Autonomous Discovery in the Chemical Sciences Part I: Progress}},
    year = {2019},
    journal = {Angewandte Chemie - International Edition},
    author = {Coley, Connor W. and Eyke, Natalie S. and Jensen, Klavs F.},
    pages = {2--38},
    doi = {10.1002/anie.201909987},
    issn = {15213773},
    arxivId = {2003.13754},
    keywords = {automation, chemoinformatics, drug discovery, machine learning, materials science}
}

@article{Coley2019AutonomousOutlook,
    title = {{Autonomous Discovery in the Chemical Sciences Part II: Outlook}},
    year = {2019},
    journal = {Angewandte Chemie - International Edition},
    author = {Coley, Connor W. and Eyke, Natalie S. and Jensen, Klavs F.},
    pages = {2--25},
    doi = {10.1002/anie.201909989},
    issn = {15213773},
    arxivId = {2003.13755},
    keywords = {automation, chemoinformatics, drug discovery, machine learning, materials science}
}

@inproceedings{2018_Mudrakarta,
    title = "Did the Model Understand the Question?",
    author = "Mudrakarta, Pramod Kaushik  and
      Taly, Ankur  and
      Sundararajan, Mukund  and
      Dhamdhere, Kedar",
    booktitle = "Proceedings of the 56th Annual Meeting of the Association for Computational Linguistics (Volume 1: Long Papers)",
    month = jul,
    year = "2018",
    address = "Melbourne, Australia",
    publisher = "Association for Computational Linguistics",
    url = "https://www.aclweb.org/anthology/P18-1176",
    doi = "10.18653/v1/P18-1176",
    pages = "1896--1906",
}

@article{mccloskey2019using,
  title={Using attribution to decode binding mechanism in neural network models for chemistry},
  author={McCloskey, Kevin and Taly, Ankur and Monti, Federico and Brenner, Michael P and Colwell, Lucy J},
  journal={Proceedings of the National Academy of Sciences},
  volume={116},
  number={24},
  pages={11624--11629},
  year={2019},
  publisher={National Acad Sciences}
}
  
@article{sturmfels2020visualizing,
  author = {Sturmfels, Pascal and Lundberg, Scott and Lee, Su-In},
  title = {Visualizing the Impact of Feature Attribution Baselines},
  journal = {Distill},
  year = {2020},
  note = {https://distill.pub/2020/attribution-baselines},
  doi = {10.23915/distill.00022}
}

@article{Green2018,
author = {Green, Clive P. and Engkvist, Ola and Pairaudeau, Garry},
doi = {10.4155/fmc-2018-0161},
issn = {17568927},
journal = {Future Medicinal Chemistry},
keywords = {artificial intelligence,compound design,lead discovery,synthesis planning},
number = {22},
pages = {2573--2576},
title = {{The convergence of artificial intelligence and chemistry for improved drug discovery}},
year = {2018}
}

@article{Coley2018,
author = {Coley, Connor W. and Green, William H. and Jensen, Klavs F.},
doi = {10.1021/acs.accounts.8b00087},
issn = {15204898},
journal = {Accounts of Chemical Research},
keywords = {machine learning,reaction prediction,retrosynthesis,review,synthesis planning},
number = {5},
pages = {1281--1289},
publisher = {American Chemical Society},
title = {{Machine Learning in Computer-Aided Synthesis Planning}},
volume = {51},
year = {2018}
}

@article{Weininger1988,
author = {Weininger, David},
doi = {10.1021/ci00057a005},
issn = {00952338},
journal = {Journal of Chemical Information and Computer Sciences},
keywords = {SMILES,cheminformatics,descriptor,neural network,representation},
mendeley-groups = {MiniProject{\_}1},
mendeley-tags = {SMILES,cheminformatics,descriptor,neural network,representation},
number = {1},
pages = {31--36},
title = {{SMILES, a Chemical Language and Information System: 1: Introduction to Methodology and Encoding Rules}},
volume = {28},
year = {1988}
}

@article{Weininger1989,
author = {Weininger, David and Weininger, Arthur and Weininger, Joseph L.},
doi = {10.1021/ci00062a008},
isbn = {0022020600022},
issn = {00952338},
journal = {Journal of Chemical Information and Computer Sciences},
keywords = {SMILES,descriptor,representation},
mendeley-groups = {MiniProject{\_}1},
mendeley-tags = {SMILES,descriptor,representation},
number = {2},
pages = {97--101},
title = {{SMILES. 2. Algorithm for Generation of Unique SMILES Notation}},
volume = {29},
year = {1989}
}

@phdthesis{Lowe2012,
author = {Lowe, Daniel Mark},
keywords = {dataset,reaction prediction},
mendeley-tags = {dataset,reaction prediction},
school = {University of Cambridge},
title = {{Extraction of chemical structures and reactions from the literature}},
type = {PhD},
url = {https://doi.org/10.17863/CAM.16293},
year = {2012}
}

@article{Jin2017,
archivePrefix = {arXiv},
arxivId = {1709.04555},
author = {Jin, Wengong and Coley, Connor W. and Barzilay, Regina and Jaakkola, Tommi},
eprint = {1709.04555},
issn = {10495258},
journal = {Advances in Neural Information Processing Systems},
keywords = {graph,reaction prediction,template-free},
mendeley-groups = {MiniProject{\_}1},
mendeley-tags = {graph,reaction prediction,template-free},
number = {Nips},
pages = {2608--2617},
title = {{Predicting organic reaction outcomes with weisfeiler-lehman network}},
volume = {2017-Decem},
year = {2017}
}

@article{Vaswani2017,
annote = {architecture explained here:
http://nlp.seas.harvard.edu/2018/04/03/attention.html},
archivePrefix = {arXiv},
arxivId = {1706.03762},
author = {Vaswani, Ashish and Shazeer, Noam and Parmar, Niki and Uszkoreit, Jakob and Jones, Llion and Gomez, Aidan N. and Kaiser, {\L}ukasz and Polosukhin, Illia},
eprint = {1706.03762},
issn = {10495258},
journal = {Advances in Neural Information Processing Systems},
keywords = {attention,machine learning,transformer},
mendeley-groups = {MiniProject{\_}1},
mendeley-tags = {attention,machine learning,transformer},
number = {Nips},
pages = {5999--6009},
title = {{Attention is all you need}},
volume = {2017-Decem},
year = {2017}
}

@misc{Klein2017,
abstract = {Open source ecosystem for neural machine translation and neural sequence learning},
author = {Klein, Guillaume and Kim, Yoon and Senellart, Jean and Rush, Alexander M.},
doi = {10.18653/v1/P17-4012},
keywords = {NLP,machine learning,transformer},
mendeley-tags = {NLP,machine learning,transformer},
title = {{OpenNMT}},
url = {https://doi.org/10.18653/v1/P17-4012},
year = {2017}
}

@book{Clayden2012,
author = {Clayden, Jonathan and Greeves, Nick and Warren, Stuart},
edition = {2nd},
isbn = {0199270295},
keywords = {organic chemistry},
mendeley-tags = {organic chemistry},
publisher = {Oxford University Press},
title = {{Organic Chemistry}},
year = {2012}
}

@article{Schwaller2020,
author = "Philippe Schwaller and Benjamin Hoover and Jean-Louis Reymond and Hendrik Strobelt and Teodoro Laino",
title = "{Unsupervised Attention-Guided Atom-Mapping}",
year = "2020",
month = "5",
url = "https://chemrxiv.org/articles/Unsupervised_Attention-Guided_Atom-Mapping/12298559",
doi = "10.26434/chemrxiv.12298559.v1"
}

@article{cramer1988comparative,
  title={Comparative molecular field analysis (CoMFA). 1. Effect of shape on binding of steroids to carrier proteins},
  author={Cramer, Richard D and Patterson, David E and Bunce, Jeffrey D},
  journal={Journal of the American Chemical Society},
  volume={110},
  number={18},
  pages={5959--5967},
  year={1988},
  publisher={ACS Publications}
}

@article{clark1990comparative,
  title={Comparative molecular field analysis (CoMFA). 2. Toward its use with 3D-structural databases},
  author={Clark, Matthew and Cramer III, Richard D and Jones, Dumont M and Patterson, David E and Simeroth, Perry E},
  journal={Tetrahedron Computer Methodology},
  volume={3},
  number={1},
  pages={47--59},
  year={1990},
  publisher={Elsevier}
}

@article{rush2005shape,
  title={A shape-based 3-D scaffold hopping method and its application to a bacterial protein- protein interaction},
  author={Rush, Thomas S and Grant, J Andrew and Mosyak, Lidia and Nicholls, Anthony},
  journal={Journal of Medicinal Chemistry},
  volume={48},
  number={5},
  pages={1489--1495},
  year={2005},
  publisher={ACS Publications}
}

@article{masek1993molecular,
  title={Molecular shape comparison of angiotensin II receptor antagonists},
  author={Masek, Brian B and Merchant, Arshad and Matthew, James B},
  journal={Journal of Medicinal Chemistry},
  volume={36},
  number={9},
  pages={1230--1238},
  year={1993},
  publisher={ACS Publications}
}

@article{jenkins20043d,
  title={A 3D similarity method for scaffold hopping from known drugs or natural ligands to new chemotypes},
  author={Jenkins, Jeremy L and Glick, Meir and Davies, John W},
  journal={Journal of Medicinal Chemistry},
  volume={47},
  number={25},
  pages={6144--6159},
  year={2004},
  publisher={ACS Publications}
}

@article{axen2017simple,
  title={A simple representation of three-dimensional molecular structure},
  author={Axen, Seth D and Huang, Xi-Ping and Caceres, Elena L and Gendelev, Leo and Roth, Bryan L and Keiser, Michael J},
  journal={Journal of Medicinal Chemistry},
  volume={60},
  number={17},
  pages={7393--7409},
  year={2017},
  publisher={ACS Publications}
}

@article{bartok2013representing,
  title={On representing chemical environments},
  author={Bart{\'o}k, Albert P and Kondor, Risi and Cs{\'a}nyi, G{\'a}bor},
  journal={Physical Review B},
  volume={87},
  number={18},
  pages={184115},
  year={2013},
  publisher={APS}
}

@article{bartok2017machine,
  title={Machine learning unifies the modeling of materials and molecules},
  author={Bart{\'o}k, Albert P and De, Sandip and Poelking, Carl and Bernstein, Noam and Kermode, James R and Cs{\'a}nyi, G{\'a}bor and Ceriotti, Michele},
  journal={Science Advances},
  volume={3},
  number={12},
  pages={e1701816},
  year={2017},
  publisher={American Association for the Advancement of Science}
}

@article{sieg2019need,
  title={In need of bias control: Evaluating chemical data for machine learning in structure-based virtual screening},
  author={Sieg, Jochen and Flachsenberg, Florian and Rarey, Matthias},
  journal={Journal of Chemical Information and Modeling},
  volume={59},
  number={3},
  pages={947--961},
  year={2019},
  publisher={ACS Publications}
}

@article{wallach2018most,
  title={Most ligand-based classification benchmarks reward memorization rather than generalization},
  author={Wallach, Izhar and Heifets, Abraham},
  journal={Journal of Chemical Information and Modeling},
  volume={58},
  number={5},
  pages={916--932},
  year={2018},
  publisher={ACS Publications}
}

@article{bartok2018machine,
  title={Machine learning a general-purpose interatomic potential for silicon},
  author={Bart{\'o}k, Albert P and Kermode, James and Bernstein, Noam and Cs{\'a}nyi, G{\'a}bor},
  journal={Physical Review X},
  volume={8},
  number={4},
  pages={041048},
  year={2018},
  publisher={APS}
}

@article{caro2018growth,
  title={Growth Mechanism and Origin of High sp3 Content in Tetrahedral Amorphous Carbon},
  author={Caro, Miguel A and Deringer, Volker L and Koskinen, Jari and Laurila, Tomi and Cs{\'a}nyi, G{\'a}bor},
  journal={Physical Review Letters},
  volume={120},
  number={16},
  pages={166101},
  year={2018},
  publisher={APS}
}

@article{deringer2018data,
  title={Data-driven learning of total and local energies in elemental boron},
  author={Deringer, Volker L and Pickard, Chris J and Cs{\'a}nyi, G{\'a}bor},
  journal={Physical Review Letters},
  volume={120},
  number={15},
  pages={156001},
  year={2018},
  publisher={APS}
}

@article{rogers2010extended,
  title={Extended-connectivity fingerprints},
  author={Rogers, David and Hahn, Mathew},
  journal={Journal of Chemical Information and Modeling},
  volume={50},
  number={5},
  pages={742--754},
  year={2010},
  publisher={ACS Publications}
}

@inproceedings{duvenaud2015convolutional,
  title={Convolutional networks on graphs for learning molecular fingerprints},
  author={Duvenaud, David K and Maclaurin, Dougal and Iparraguirre, Jorge and Bombarell, Rafael and Hirzel, Timothy and Aspuru-Guzik, Al{\'a}n and Adams, Ryan P},
  booktitle={Advances in Neural Information Processing Systems},
  pages={2224--2232},
  year={2015}
}

@article{tetko2014melting,
author = {Tetko, Igor V. and Sushko, Yurii and Novotarskyi, Sergii and Patiny, Luc and Kondratov, Ivan and Petrenko, Alexander E. and Charochkina, Larisa and Asiri, Abdullah M.},
title = {How Accurately Can We Predict the Melting Points of Drug-like Compounds?},
journal = {Journal of Chemical Information and Modeling},
volume = {54},
number = {12},
pages = {3320-3329},
year = {2014},
doi = {10.1021/ci5005288},
note ={PMID: 25489863},
URL={https://doi.org/10.1021/ci500528},
eprint={https://doi.org/10.1021/ci5005288}
}

@Article{de2016comparing,
author ="De, Sandip and Bartók, Albert P. and Csányi, Gábor and Ceriotti, Michele",
title  ="Comparing molecules and solids across structural and alchemical space",
journal  ="Phys. Chem. Chem. Phys.",
year  ="2016",
volume  ="18",
issue  ="20",
pages  ="13754-13769",
publisher  ="The Royal Society of Chemistry",
doi  ="10.1039/C6CP00415F",
url  ="http://dx.doi.org/10.1039/C6CP00415F"
}

@book{rasmussen2005gp,
 author = {Rasmussen, Carl Edward and Williams, Christopher K. I.},
 title = {Gaussian Processes for Machine Learning (Adaptive Computation and Machine Learning)},
 year = {2005},
 isbn = {026218253X},
 publisher = {The MIT Press},
} 

@article{wu2017molnet,
author ="Wu, Zhenqin and Ramsundar, Bharath and Feinberg, Evan N. and Gomes, Joseph and Geniesse, Caleb and Pappu, Aneesh S. and Leswing, Karl and Pande, Vijay",
title  ="MoleculeNet: a benchmark for molecular machine learning",
journal  ="Chem. Sci.",
year  ="2018",
volume  ="9",
issue  ="2",
pages  ="513-530",
publisher  ="The Royal Society of Chemistry",
doi  ="10.1039/C7SC02664A",
url  ="http://dx.doi.org/10.1039/C7SC02664A"
}

@Article{boobier2017dls100,
author={Boobier, Samuel
and Osbourn, Anne
and Mitchell, John B. O.},
title={Can human experts predict solubility better than computers?},
journal={Journal of Cheminformatics},
year={2017},
volume={9},
number={1},
pages={63},
issn={1758-2946},
url={https://doi.org/10.1186/s13321-017-025}
}

@article{yang2019chemprop,
author = {Yang, Kevin and Swanson, Kyle and Jin, Wengong and Coley, Connor and Eiden, Philipp and Gao, Hua and Guzman-Perez, Angel and Hopper, Timothy and Kelley, Brian and Mathea, Miriam and Palmer, Andrew and Settels, Volker and Jaakkola, Tommi and Jensen, Klavs and Barzilay, Regina},
title = {Analyzing Learned Molecular Representations for Property Prediction},
journal = {Journal of Chemical Information and Modeling},
volume = {59},
number = {8},
pages = {3370-3388},
year = {2019},
doi = {10.1021/acs.jcim.9b00237},
    note ={PMID: 31361484},
URL = {https://doi.org/10.1021/acs.jcim.9b00237},
eprint = {https://doi.org/10.1021/acs.jcim.9b00237}
}

@misc{scalia2019evaluating,
    title={Evaluating Scalable Uncertainty Estimation Methods for DNN-Based Molecular Property Prediction},
    author={Gabriele Scalia and Colin A. Grambow and Barbara Pernici and Yi-Pei Li and William H. Green},
    year={2019},
    eprint={1910.03127},
    archivePrefix={arXiv},
    primaryClass={cs.LG}
}

@article{shahriari2016bo, 
author={B. Shahriari and K. Swersky and Z. Wang and R. P. Adams and N. de Freitas}, 
journal={Proceedings of the IEEE}, 
title={Taking the Human Out of the Loop: A Review of Bayesian Optimization}, 
year={2016}, 
volume={104}, 
number={1}, 
pages={148-175}, 
doi={10.1109/JPROC.2015.2494218}, 
ISSN={0018-9219}, 
month={Jan}
}

@misc{ElsevierReaxysDatabase,
    title = {{Reaxys Database}},
    author = {{Elsevier}},
    howpublished = {\url{https://www.reaxys.com/}}
}


@article{bradley2003cdk2,
author = {Bradley, Erin K. and Miller, Jennifer L. and Saiah, Eddine and Grootenhuis, Peter D. J.},
title = {Informative Library Design as an Efficient Strategy to Identify and Optimize Leads: Application to Cyclin-Dependent Kinase 2 Antagonists},
journal = {Journal of Medicinal Chemistry},
volume = {46},
number = {20},
pages = {4360-4364},
year = {2003},
doi = {10.1021/jm020472j},
    note ={PMID: 13678414},
URL = {https://doi.org/10.1021/jm020472j},
eprint = {https://doi.org/10.1021/jm020472j}
}

@misc{grisafi2019incorporating,
    title={Incorporating long-range physics in atomic-scale machine learning},
    author={Andrea Grisafi and Michele Ceriotti},
    year={2019},
    eprint={1909.04512},
    archivePrefix={arXiv},
    primaryClass={physics.chem-ph}
}

@MISC{rdkit,
author={Greg Landrum},
title={R{DK}it: Open-source cheminformatics}, 
howpublished={\url{http://www.rdkit.org}}
} 

@MISC{soapxx, 
author={Poelking, Carl},
title={soapxx}, 
howpublished={\url{https://github.com/capoe/soapxx}}
} 

@MISC{moonshot2020,
author = {{PostEra Inc.}},
title = {{COVID} Moonshot},
howpublished={\url{https://postera.ai/covid}}
}

@article{dscribe,
  author = {Himanen, Lauri and J{\"a}ger, Marc O.~J. and Morooka, Eiaki V. and Federici Canova, Filippo and Ranawat, Yashasvi S. and Gao, David Z. and Rinke, Patrick and Foster, Adam S.},
  title = {{DScribe: Library of descriptors for machine learning in materials science}},
  journal = {Computer Physics Communications},
  volume = {247},
  pages = {106949},
  year = {2020},
  doi = {10.1016/j.cpc.2019.106949},
  url = {https://doi.org/10.1016/j.cpc.2019.106949},
  issn = {0010-4655}
}

@article{zhang2019bayessemisup,
archivePrefix = {arXiv},
arxivId = {1902.00925},
author = {Zhang, Yao and Lee, Alpha A.},
doi = {10.1039/c9sc00616h},
eprint = {1902.00925},
issn = {20416539},
journal = {Chemical Science},
number = {35},
pages = {8154--8163},
publisher = {Royal Society of Chemistry},
title = {{Bayesian semi-supervised learning for uncertainty-calibrated prediction of molecular properties and active learning}},
volume = {10},
year = {2019}
}

@article{peterson2017uncertainty,
author = {Peterson, Andrew A. and Christensen, Rune and Khorshidi, Alireza},
doi = {10.1039/c7cp00375g},
issn = {14639076},
journal = {Physical Chemistry Chemical Physics},
number = {18},
pages = {10978--10985},
publisher = {Royal Society of Chemistry},
title = {{Addressing uncertainty in atomistic machine learning}},
volume = {19},
year = {2017}
}

@article{reinhardt2019ti02,
archivePrefix = {arXiv},
arxivId = {1909.08934},
author = {Reinhardt, Aleks and Pickard, Chris J. and Cheng, Bingqing},
eprint = {1909.08934},
keywords = {entropy,machine learning,phase diagram,structure prediction,titanium dioxide},
pages = {1--8},
title = {{Predicting the phase diagram of titanium dioxide with random search and pattern recognition}},
url = {http://arxiv.org/abs/1909.08934},
year = {2019}
}

@article{stokes2020antibiotic,
author = {Stokes, Jonathan M. and Yang, Kevin and Swanson, Kyle and Jin, Wengong and Cubillos-Ruiz, Andres and Donghia, Nina M. and MacNair, Craig R. and French, Shawn and Carfrae, Lindsey A. and Bloom-Ackerman, Zohar and Tran, Victoria M. and Chiappino-Pepe, Anush and Badran, Ahmed H. and Andrews, Ian W. and Chory, Emma J. and Church, George M. and Brown, Eric D. and Jaakkola, Tommi S. and Barzilay, Regina and Collins, James J.},
doi = {10.1016/j.cell.2020.01.021},
file = {:Users/williammccorkindale/Downloads/PIIS0092867420301021.pdf:pdf},
issn = {10974172},
journal = {Cell},
keywords = {antibiotic resistance,antibiotic tolerance,antibiotics,drug discovery,machine learning},
number = {4},
pages = {688--702.e13},
publisher = {Elsevier Inc.},
title = {{A Deep Learning Approach to Antibiotic Discovery}},
url = {https://doi.org/10.1016/j.cell.2020.01.021},
volume = {180},
year = {2020}
}


@article{Axen17e3fp,
author = {Axen, Seth D. and Huang, Xi-Ping and Cáceres, Elena L. and Gendelev, Leo and Roth, Bryan L. and Keiser, Michael J.},
title = {A Simple Representation of Three-Dimensional Molecular Structure},
journal = {Journal of Medicinal Chemistry},
volume = {60},
number = {17},
pages = {7393-7409},
year = {2017},
doi = {10.1021/acs.jmedchem.7b00696},
    note ={PMID: 28731335},
URL = { https://doi.org/10.1021/acs.jmedchem.7b00696},
eprint = { https://doi.org/10.1021/acs.jmedchem.7b00696}
}

@article{Todeschini2012tanimoto,
author = {Todeschini, Roberto and Consonni, Viviana and Xiang, Hua and Holliday, John and Buscema, Massimo and Willett, Peter},
title = {Similarity Coefficients for Binary Chemoinformatics Data: Overview and Extended Comparison Using Simulated and Real Data Sets},
journal = {Journal of Chemical Information and Modeling},
volume = {52},
number = {11},
pages = {2884-2901},
year = {2012},
doi = {10.1021/ci300261r},
    note ={PMID: 23078167},
URL = { https://doi.org/10.1021/ci300261r},
eprint = { https://doi.org/10.1021/ci300261r}
}

@inproceedings{Gilmer17mpnn,
author = {Gilmer, Justin and Schoenholz, Samuel S. and Riley, Patrick F. and Vinyals, Oriol and Dahl, George E.},
title = {Neural Message Passing for Quantum Chemistry},
year = {2017},
publisher = {JMLR.org},
booktitle = {Proceedings of the 34th International Conference on Machine Learning - Volume 70},
pages = {1263–1272},
numpages = {10},
location = {Sydney, NSW, Australia},
series = {ICML’17}
}

@article{Feinberg18potentialnet,
author = {Feinberg, Evan N. and Sur, Debnil and Wu, Zhenqin and Husic, Brooke E. and Mai, Huanghao and Li, Yang and Sun, Saisai and Yang, Jianyi and Ramsundar, Bharath and Pande, Vijay S.},
title = {PotentialNet for Molecular Property Prediction},
journal = {ACS Central Science},
volume = {4},
number = {11},
pages = {1520-1530},
year = {2018},
doi = {10.1021/acscentsci.8b00507},
URL = { https://doi.org/10.1021/acscentsci.8b00507},
eprint = { https://doi.org/10.1021/acscentsci.8b00507}
}

@inproceedings{Kovacs20unpack,
author = {McCorkindale, W. and Kov\'{a}cs, P. and Lee, A.},
title = {Unpacking Chemical Reaction Prediction Models Using Integrated Gradients},
year = {2020},
booktitle = {ML Interpretability for Scientific Discovery},
series = {ICML’20},
URL = {https://sites.google.com/view/mli4sd-icml2020/program}
}

@ARTICLE{fragpic,
AUTHOR={de Souza Neto, Lauro Ribeiro and Moreira-Filho, José Teófilo and Neves, Bruno Junior and Maidana, Rocío Lucía Beatriz Riveros and Guimarães, Ana Carolina Ramos and Furnham, Nicholas and Andrade, Carolina Horta and Silva, Floriano Paes}, 
TITLE={In silico Strategies to Support Fragment-to-Lead Optimization in Drug Discovery},      
JOURNAL={Frontiers in Chemistry},      
VOLUME={8},     
PAGES={93},     
YEAR={2020},      
URL={https://www.frontiersin.org/article/10.3389/fchem.2020.00093},       
DOI={10.3389/fchem.2020.00093},      
ISSN={2296-2646}
}

@article{Virshup13,
author = {Virshup, Aaron M. and Contreras-García, Julia and Wipf, Peter and Yang, Weitao and Beratan, David N.},
title = {Stochastic Voyages into Uncharted Chemical Space Produce a Representative Library of All Possible Drug-Like Compounds},
journal = {Journal of the American Chemical Society},
volume = {135},
number = {19},
pages = {7296-7303},
year = {2013},
doi = {10.1021/ja401184g},
    note ={PMID: 23548177},
URL = {https://doi.org/10.1021/ja401184g},
eprint = {https://doi.org/10.1021/ja401184g}
}

@article{Sterling15,
author = {Sterling, Teague and Irwin, John J.},
title = {ZINC 15 – Ligand Discovery for Everyone},
journal = {Journal of Chemical Information and Modeling},
volume = {55},
number = {11},
pages = {2324-2337},
year = {2015},
doi = {10.1021/acs.jcim.5b00559},
    note ={PMID: 26479676},
URL = {https://doi.org/10.1021/acs.jcim.5b00559},
eprint = {https://doi.org/10.1021/acs.jcim.5b00559}
}

@misc{zhang2017survey,
    title={A Survey on Multi-Task Learning},
    author={Yu Zhang and Qiang Yang},
    year={2017},
    eprint={1707.08114},
    archivePrefix={arXiv},
    primaryClass={cs.LG}
}

@Article{Jensen19,
author ="Jensen, Jan H.",
title  ="A graph-based genetic algorithm and generative model/Monte Carlo tree search for the exploration of chemical space",
journal  ="Chem. Sci.",
year  ="2019",
volume  ="10",
issue  ="12",
pages  ="3567-3572",
publisher  ="The Royal Society of Chemistry",
doi  ="10.1039/C8SC05372C",
url  = "http://dx.doi.org/10.1039/C8SC05372C"
}

@Article{Allen2020,
author ="Allen, Timothy E. H. and Wedlake, Andrew J. and Gelžinytė, Elena and Gong, Charles and Goodman, Jonathan M. and Gutsell, Steve and Russell, Paul J.",
title  ="Neural network activation similarity: a new measure to assist decision making in chemical toxicology",
journal  ="Chem. Sci.",
year  ="2020",
volume  ="11",
issue  ="28",
pages  ="7335-7348",
publisher  ="The Royal Society of Chemistry",
doi  ="10.1039/D0SC01637C",
url  ="http://dx.doi.org/10.1039/D0SC01637C"
}
