@article{schneider2016novo,
  title={De novo design at the edge of chaos: Miniperspective},
  author={Schneider, Petra and Schneider, Gisbert},
  journal={Journal of medicinal chemistry},
  volume={59},
  number={9},
  pages={4077--4086},
  year={2016},
  publisher={ACS Publications}
}

@article{cortes2019reliable,
  title={Reliable prediction errors for deep neural networks using test-time dropout},
  author={Cortes-Ciriano, Isidro and Bender, Andreas},
  journal={Journal of chemical information and modeling},
  volume={59},
  number={7},
  pages={3330--3339},
  year={2019},
  publisher={ACS Publications}
}

@article{scikit-learn,
 title={Scikit-learn: Machine Learning in {P}ython},
 author={Pedregosa, F. and Varoquaux, G. and Gramfort, A. and Michel, V.
         and Thirion, B. and Grisel, O. and Blondel, M. and Prettenhofer, P.
         and Weiss, R. and Dubourg, V. and Vanderplas, J. and Passos, A. and
         Cournapeau, D. and Brucher, M. and Perrot, M. and Duchesnay, E.},
 journal={Journal of Machine Learning Research},
 volume={12},
 pages={2825--2830},
 year={2011}
}

@article{douangamath2020crystallographic,
  title={Crystallographic and electrophilic fragment screening of the SARS-CoV-2 main protease},
  author={Douangamath, Alice and Fearon, Daren and Gehrtz, Paul and Krojer, Tobias and Lukacik, Petra and Owen, C David and Resnick, Efrat and Strain-Damerell, Claire and Aimon, Anthony and {\'A}br{\'a}nyi-Balogh, P{\'e}ter and others},
  journal={Nature communications},
  volume={11},
  number={1},
  pages={1--11},
  year={2020},
  publisher={Nature Publishing Group}
}

@article{cortes2018discovering,
  title={Discovering highly potent molecules from an initial set of inactives using iterative screening},
  author={Cort{\'e}s-Ciriano, Isidro and Firth, Nicholas C and Bender, Andreas and Watson, Oliver},
  journal={Journal of chemical information and modeling},
  volume={58},
  number={9},
  pages={2000--2014},
  year={2018},
  publisher={ACS Publications}
}

@article{moonshot2020covid,
  title={COVID moonshot: open science discovery of SARS-CoV-2 main protease inhibitors by combining crowdsourcing, high-throughput experiments, computational simulations, and machine learning},
  author={{The COVID Moonshot Consortium}},
  journal={bioRxiv, doi:10.1101/2020.10.29.339317},
  year={2020},
  publisher={Cold Spring Harbor Laboratory}
}

@misc{howard2018fastai,
  title={fastai},
  author={Howard, Jeremy and others},
  year={2018},
  publisher={GitHub},
  howpublished={\url{https://github.com/fastai/fastai}},
}

@misc{rdkit,
  title={RDKit: Open-Source Cheminformatics Software},
  publisher={GitHub},
  howpublished={\url{https://www.rdkit.org}},
}


@article{schwaller2019molecular,
  title={Molecular transformer: A model for uncertainty-calibrated chemical reaction prediction},
  author={Schwaller, Philippe and Laino, Teodoro and Gaudin, Th{\'e}ophile and Bolgar, Peter and Hunter, Christopher A and Bekas, Costas and Lee, Alpha A},
  journal={ACS central science},
  volume={5},
  number={9},
  pages={1572--1583},
  year={2019},
  publisher={ACS Publications}
}

@article{jin2020structure,
  title={Structure of M pro from SARS-CoV-2 and discovery of its inhibitors},
  author={Jin, Zhenming and Du, Xiaoyu and Xu, Yechun and Deng, Yongqiang and Liu, Meiqin and Zhao, Yao and Zhang, Bing and Li, Xiaofeng and Zhang, Leike and Peng, Chao and others},
  journal={Nature},
  volume={582},
  number={7811},
  pages={289--293},
  year={2020},
  publisher={Nature Publishing Group}
}

@article{ullrich2020sars,
  title={The SARS-CoV-2 main protease as drug target},
  author={Ullrich, Sven and Nitsche, Christoph},
  journal={Bioorganic \& Medicinal Chemistry Letters},
  pages={127377},
  year={2020},
  publisher={Elsevier}
}

@article{liu2020development,
  title={The development of Coronavirus 3C-Like protease (3CLpro) inhibitors from 2010 to 2020},
  author={Liu, Yuzhi and Liang, Chengyuan and Xin, Liang and Ren, Xiaodong and Tian, Lei and Ju, Xingke and Li, Han and Wang, Yongbo and Zhao, Qianqian and Liu, Hong and others},
  journal={European journal of medicinal chemistry},
  pages={112711},
  year={2020},
  publisher={Elsevier}
}

@article{yang2019molecular,
  title={Molecular transformer unifies reaction prediction and retrosynthesis across pharma chemical space},
  author={Lee, Alpha A and Yang, Qingyi and Sresht, Vishnu and Bolgar, Peter and Hou, Xinjun and Klug-McLeod, Jacquelyn L and Butler, Christopher R and others},
  journal={Chemical Communications},
  volume={55},
  number={81},
  pages={12152--12155},
  year={2019},
  publisher={Royal Society of Chemistry}
}

@misc{duffy2010molecular,
  title={Molecular property modeling using ranking},
  author={Duffy, Nigel P},
  year={2010},
  month=apr # "~20",
  publisher={Google Patents},
  note={US Patent 7,702,467}
}

@article{agarwal2010ranking,
  title={Ranking chemical structures for drug discovery: a new machine learning approach},
  author={Agarwal, Shivani and Dugar, Deepak and Sengupta, Shiladitya},
  journal={Journal of chemical information and modeling},
  volume={50},
  number={5},
  pages={716--731},
  year={2010},
  publisher={ACS Publications}
}

@article{cannalire2020targeting,
  title={Targeting SARS-CoV-2 Proteases and Polymerase for COVID-19 Treatment: State of the Art and Future Opportunities},
  author={Cannalire, Rolando and Cerchia, Carmen and Beccari, Andrea R and Di Leva, Francesco Saverio and Summa, Vincenzo},
  journal={Journal of medicinal chemistry},
  year={2020},
  publisher={ACS Publications}
}

@article{chodera2020crowdsourcing,
  title={Crowdsourcing drug discovery for pandemics},
  author={Chodera, John and Lee, Alpha A and London, Nir and von Delft, Frank},
  journal={Nature Chemistry},
  volume={12},
  number={7},
  pages={581--581},
  year={2020},
  publisher={Nature Publishing Group}
}

@article{pillaiyar2016overview,
  title={An overview of severe acute respiratory syndrome--coronavirus (SARS-CoV) 3CL protease inhibitors: peptidomimetics and small molecule chemotherapy},
  author={Pillaiyar, Thanigaimalai and Manickam, Manoj and Namasivayam, Vigneshwaran and Hayashi, Yoshio and Jung, Sang-Hun},
  journal={Journal of medicinal chemistry},
  volume={59},
  number={14},
  pages={6595--6628},
  year={2016},
  publisher={ACS Publications}
}

@article{brown2004graph,
  title={A graph-based genetic algorithm and its application to the multiobjective evolution of median molecules},
  author={Brown, Nathan and McKay, Ben and Gilardoni, Fran{\c{c}}ois and Gasteiger, Johann},
  journal={Journal of chemical information and computer sciences},
  volume={44},
  number={3},
  pages={1079--1087},
  year={2004},
  publisher={ACS Publications}
}

@article{segler2018generating,
  title={Generating focused molecule libraries for drug discovery with recurrent neural networks},
  author={Segler, Marwin HS and Kogej, Thierry and Tyrchan, Christian and Waller, Mark P},
  journal={ACS central science},
  volume={4},
  number={1},
  pages={120--131},
  year={2018},
  publisher={ACS Publications}
}

@article{gao2020synthesizability,
  title={The synthesizability of molecules proposed by generative models},
  author={Gao, Wenhao and Coley, Connor W},
  journal={Journal of Chemical Information and Modeling},
  year={2020},
  publisher={ACS Publications}
}

@article{gomez2018automatic,
  title={Automatic chemical design using a data-driven continuous representation of molecules},
  author={G{\'o}mez-Bombarelli, Rafael and Wei, Jennifer N and Duvenaud, David and Hern{\'a}ndez-Lobato, Jos{\'e} Miguel and S{\'a}nchez-Lengeling, Benjam{\'\i}n and Sheberla, Dennis and Aguilera-Iparraguirre, Jorge and Hirzel, Timothy D and Adams, Ryan P and Aspuru-Guzik, Al{\'a}n},
  journal={ACS central science},
  volume={4},
  number={2},
  pages={268--276},
  year={2018},
  publisher={ACS Publications}
}

@article{patel2009knowledge,
  title={Knowledge-based approach to de novo design using reaction vectors},
  author={Patel, Hina and Bodkin, Michael J and Chen, Beining and Gillet, Valerie J},
  journal={Journal of chemical information and modeling},
  volume={49},
  number={5},
  pages={1163--1184},
  year={2009},
  publisher={ACS Publications}
}

@article{hartenfeller2012dogs,
  title={DOGS: reaction-driven de novo design of bioactive compounds},
  author={Hartenfeller, Markus and Zettl, Heiko and Walter, Miriam and Rupp, Matthias and Reisen, Felix and Proschak, Ewgenij and Weggen, Sascha and Stark, Holger and Schneider, Gisbert},
  journal={PLoS Comput Biol},
  volume={8},
  number={2},
  pages={e1002380},
  year={2012},
  publisher={Public Library of Science}
}

@MISC{ACS2007,
  url = {http://pubs.acs.org/books/references.shtml},
}

@ARTICLE{Arduengo1992,
  author = {Arduengo, III, Anthony J. and H. V. Rasika Dias and
    Richard L. Harlow and Michael Kline},
  title = {{E}lectronic stabilization of nucleophilic carbenes},
  journal = {{J}.~{A}m.\ {C}hem.\ {S}oc.},
  year = {1992},
  volume = {114},
  pages = {5530--5534},
  number = {14},
  doi = {10.1021/ja00040a007},
}

@ARTICLE{Arduengo1994,
  author = {Arduengo, III, Anthony J. and Siegfried F. Gamper and
    Joseph C. Calabrese and Fredric Davidson},
  title = {{L}ow-coordinate carbene complexes of nickel(0) and
    platinum(0)},
  journal = {{J}.~{A}m.\ {C}hem. {S}oc.},
  year = {1994},
  volume = {116},
  pages = {4391--4394},
  number = {10},
  doi = {10.1021/ja00089a029},
}

@ARTICLE{Eisenstein2005,
  author = {Appelhans, Leah N. and Zuccaccia, Daniele and Kovacevic,
    Anes and Chianese, Anthony R. and Miecznikowski, John R. and
    Macchioni, Aleco and Clot, Eric and Eisenstein, Odile and
    Crabtree, Robert H.},
  title = {{A}n anion-dependent switch in selectivity results from a
    change of {C}---{H} activation mechanism in the reaction of an
    imidazolium salt with \ce{IrH5(PPh3)2}},
  journal = {{J}.~{A}m.\ {C}hem. {S}oc.},
  year = {2005},
  volume = {127},
  pages = {16299--16311},
  number = {46},
  doi = {10.1021/ja055317j},
}

@BOOK{Coghill2006,
  title = {{T}he {ACS} {S}tyle {G}uide},
  publisher = {{O}xford {U}niversity {P}ress, {I}nc. and
               {T}he {A}merican {C}hemical {S}ociety},
  year = {2006},
  editor = {Coghill, Anne M. and Garson, Lorrin R.},
  address = {{N}ew {Y}ork},
  edition = {3},
  subtitle = {{E}ffective {C}ommunication of {S}cientific
    {I}nformation},
}

@BOOK{Cotton1999,
  title = {{A}dvanced {I}norganic {C}hemistry},
  publisher = {Wiley},
  year = {1999},
  author = {Cotton, Frank Albert and Wilkinson, Geoffrery and
    Murillio, Carlos A. and Bochmann, Manfred},
  address = {Chichester},
  edition = {6},
}

@ARTICLE{Mena2000,
  author = {Angel Abarca and Pilar G\'omez-Sal and Avelino Mart\'in
    and Miguel Mena and Josep Mar\'ia Poblet and Carlos Y\'elamos},
  title = {{A}mmonolysis of mono(pentamethylcyclopentadienyl)
    titanium(\textsc{iv}) derivatives},
  journal = {Inorg. Chem.},
  year = {2000},
  volume = {39},
  pages = {642--651},
  number = {4},
  doi = {10.1021/ic9907718},
}
